{
  "leader": "04709cam a2200685 a 4500",
  "fields": [
    {
      "001": "ocm33102501\\"
    },
    {
      "003": "OCoLC"
    },
    {
      "005": "20220712122209.0"
    },
    {
      "008": "950829s1995\\\\\\\\enkab\\\\\\\\b\\\\\\\\001\\0\\eng\\\\"
    },
    {
      "010": {
        "ind1": "\\",
        "ind2": "\\",
        "subfields": [
          {
            "a": "   95041186 "
          }
        ]
      }
    },
    {
      "040": {
        "ind1": "\\",
        "ind2": "\\",
        "subfields": [
          {
            "a": "DLC"
          },
          {
            "b": "eng"
          },
          {
            "c": "DLC"
          },
          {
            "d": "UND"
          },
          {
            "d": "UKM"
          },
          {
            "d": "NLGGC"
          },
          {
            "d": "BAKER"
          },
          {
            "d": "BTCTA"
          },
          {
            "d": "LVB"
          },
          {
            "d": "YDXCP"
          },
          {
            "d": "AU@"
          },
          {
            "d": "CHRRO"
          },
          {
            "d": "UKMGB"
          },
          {
            "d": "IG#"
          },
          {
            "d": "BDX"
          },
          {
            "d": "OCLCF"
          },
          {
            "d": "OCLCQ"
          },
          {
            "d": "MDAVP"
          },
          {
            "d": "OCLCQ"
          },
          {
            "d": "PHUST"
          },
          {
            "d": "OCLCQ"
          },
          {
            "d": "VZT"
          },
          {
            "d": "CSJ"
          },
          {
            "d": "DHA"
          },
          {
            "d": "OCLCQ"
          },
          {
            "d": "APUMS"
          },
          {
            "d": "OCLCQ"
          },
          {
            "d": "CNO"
          },
          {
            "d": "CPO"
          },
          {
            "d": "OCLCQ"
          },
          {
            "d": "TLE"
          },
          {
            "d": "EUQ"
          },
          {
            "d": "OCLCQ"
          },
          {
            "d": "UKBTH"
          },
          {
            "d": "OCLCQ"
          },
          {
            "d": "AUV"
          },
          {
            "d": "UNITY"
          },
          {
            "d": "MM9"
          },
          {
            "d": "OCLCO"
          }
        ]
      }
    },
    {
      "015": {
        "ind1": "\\",
        "ind2": "\\",
        "subfields": [
          {
            "a": "GB9583497"
          },
          {
            "2": "bnb"
          }
        ]
      }
    },
    {
      "015": {
        "ind1": "0",
        "ind2": "0",
        "subfields": [
          {
            "a": "b9583497"
          }
        ]
      }
    },
    {
      "016": {
        "ind1": "7",
        "ind2": "\\",
        "subfields": [
          {
            "a": "009089479"
          },
          {
            "2": "Uk"
          }
        ]
      }
    },
    {
      "019": {
        "ind1": "\\",
        "ind2": "\\",
        "subfields": [
          {
            "a": "33864710"
          },
          {
            "a": "717757371"
          },
          {
            "a": "767858219"
          },
          {
            "a": "828620764"
          },
          {
            "a": "877409605"
          },
          {
            "a": "960169809"
          },
          {
            "a": "960175284"
          },
          {
            "a": "966170973"
          },
          {
            "a": "966267302"
          },
          {
            "a": "1064828019"
          },
          {
            "a": "1171048399"
          },
          {
            "a": "1191363499"
          }
        ]
      }
    },
    {
      "020": {
        "ind1": "\\",
        "ind2": "\\",
        "subfields": [
          {
            "a": "1563963140"
          },
          {
            "q": "(US ;"
          },
          {
            "q": "set)"
          }
        ]
      }
    },
    {
      "020": {
        "ind1": "\\",
        "ind2": "\\",
        "subfields": [
          {
            "a": "9781563963148"
          },
          {
            "q": "(US ;"
          },
          {
            "q": "set)"
          }
        ]
      }
    },
    {
      "020": {
        "ind1": "\\",
        "ind2": "\\",
        "subfields": [
          {
            "a": "1563960478"
          },
          {
            "q": "(US ;"
          },
          {
            "q": "v. 1)"
          }
        ]
      }
    },
    {
      "020": {
        "ind1": "\\",
        "ind2": "\\",
        "subfields": [
          {
            "a": "9781563960475"
          },
          {
            "q": "(US ;"
          },
          {
            "q": "v. 1)"
          }
        ]
      }
    },
    {
      "020": {
        "ind1": "\\",
        "ind2": "\\",
        "subfields": [
          {
            "a": "1563960486"
          },
          {
            "q": "(US ;"
          },
          {
            "q": "v. 2)"
          }
        ]
      }
    },
    {
      "020": {
        "ind1": "\\",
        "ind2": "\\",
        "subfields": [
          {
            "a": "9781563960482"
          },
          {
            "q": "(US ;"
          },
          {
            "q": "v. 2)"
          }
        ]
      }
    },
    {
      "020": {
        "ind1": "\\",
        "ind2": "\\",
        "subfields": [
          {
            "a": "1563960494"
          },
          {
            "q": "(US ;"
          },
          {
            "q": "v. 3)"
          }
        ]
      }
    },
    {
      "020": {
        "ind1": "\\",
        "ind2": "\\",
        "subfields": [
          {
            "a": "9781563960499"
          },
          {
            "q": "(US ;"
          },
          {
            "q": "v. 3)"
          }
        ]
      }
    },
    {
      "020": {
        "ind1": "\\",
        "ind2": "\\",
        "subfields": [
          {
            "a": "0750303107"
          },
          {
            "q": "(UK ;"
          },
          {
            "q": "set)"
          }
        ]
      }
    },
    {
      "020": {
        "ind1": "\\",
        "ind2": "\\",
        "subfields": [
          {
            "a": "9780750303101"
          },
          {
            "q": "(UK ;"
          },
          {
            "q": "set)"
          }
        ]
      }
    },
    {
      "020": {
        "ind1": "\\",
        "ind2": "\\",
        "subfields": [
          {
            "a": "0750303530"
          },
          {
            "q": "(UK ;"
          },
          {
            "q": "v. 1)"
          }
        ]
      }
    },
    {
      "020": {
        "ind1": "\\",
        "ind2": "\\",
        "subfields": [
          {
            "a": "9780750303538"
          },
          {
            "q": "(UK ;"
          },
          {
            "q": "v. 1)"
          }
        ]
      }
    },
    {
      "020": {
        "ind1": "\\",
        "ind2": "\\",
        "subfields": [
          {
            "a": "0750303549"
          },
          {
            "q": "(UK ;"
          },
          {
            "q": "v. 2)"
          }
        ]
      }
    },
    {
      "020": {
        "ind1": "\\",
        "ind2": "\\",
        "subfields": [
          {
            "a": "9780750303545"
          },
          {
            "q": "(UK ;"
          },
          {
            "q": "v. 2)"
          }
        ]
      }
    },
    {
      "020": {
        "ind1": "\\",
        "ind2": "\\",
        "subfields": [
          {
            "a": "0750303557"
          },
          {
            "q": "(UK ;"
          },
          {
            "q": "v. 3)"
          }
        ]
      }
    },
    {
      "020": {
        "ind1": "\\",
        "ind2": "\\",
        "subfields": [
          {
            "a": "9780750303552"
          },
          {
            "q": "(UK ;"
          },
          {
            "q": "v. 3)"
          }
        ]
      }
    },
    {
      "035": {
        "ind1": "\\",
        "ind2": "\\",
        "subfields": [
          {
            "a": "(OCoLC)33102501"
          },
          {
            "z": "(OCoLC)33864710"
          },
          {
            "z": "(OCoLC)717757371"
          },
          {
            "z": "(OCoLC)767858219"
          },
          {
            "z": "(OCoLC)828620764"
          },
          {
            "z": "(OCoLC)877409605"
          },
          {
            "z": "(OCoLC)960169809"
          },
          {
            "z": "(OCoLC)960175284"
          },
          {
            "z": "(OCoLC)966170973"
          },
          {
            "z": "(OCoLC)966267302"
          },
          {
            "z": "(OCoLC)1064828019"
          },
          {
            "z": "(OCoLC)1171048399"
          },
          {
            "z": "(OCoLC)1191363499"
          }
        ]
      }
    },
    {
      "037": {
        "ind1": "\\",
        "ind2": "\\",
        "subfields": [
          {
            "c": "No price : Formerly CIP"
          }
        ]
      }
    },
    {
      "050": {
        "ind1": "0",
        "ind2": "0",
        "subfields": [
          {
            "a": "QC7"
          },
          {
            "b": ".T84 1995"
          }
        ]
      }
    },
    {
      "072": {
        "ind1": "\\",
        "ind2": "7",
        "subfields": [
          {
            "a": "s1py"
          },
          {
            "2": "rero"
          }
        ]
      }
    },
    {
      "080": {
        "ind1": "0",
        "ind2": "\\",
        "subfields": [
          {
            "a": "530(091"
          }
        ]
      }
    },
    {
      "082": {
        "ind1": "0",
        "ind2": "0",
        "subfields": [
          {
            "a": "530.0904"
          },
          {
            "b": "TWE"
          }
        ]
      }
    },
    {
      "245": {
        "ind1": "0",
        "ind2": "0",
        "subfields": [
          {
            "a": "Twentieth century physics /"
          },
          {
            "c": "edited by Laurie M. Brown, Abraham Pais, Sir Brian Pippard."
          }
        ]
      }
    },
    {
      "260": {
        "ind1": "\\",
        "ind2": "\\",
        "subfields": [
          {
            "a": "Bristol ;"
          },
          {
            "a": "Philadelphia :"
          },
          {
            "b": "Institute of Physics Pub. ;"
          },
          {
            "a": "New York :"
          },
          {
            "b": "American Institute of Physics Press,"
          },
          {
            "c": "\u00a91995."
          }
        ]
      }
    },
    {
      "300": {
        "ind1": "\\",
        "ind2": "\\",
        "subfields": [
          {
            "a": "3 volumes :"
          },
          {
            "b": "illustrations, maps ;"
          },
          {
            "c": "24 cm"
          }
        ]
      }
    },
    {
      "336": {
        "ind1": "\\",
        "ind2": "\\",
        "subfields": [
          {
            "a": "text"
          },
          {
            "b": "txt"
          },
          {
            "2": "rdacontent"
          }
        ]
      }
    },
    {
      "337": {
        "ind1": "\\",
        "ind2": "\\",
        "subfields": [
          {
            "a": "unmediated"
          },
          {
            "b": "n"
          },
          {
            "2": "rdamedia"
          }
        ]
      }
    },
    {
      "338": {
        "ind1": "\\",
        "ind2": "\\",
        "subfields": [
          {
            "a": "volume"
          },
          {
            "b": "nc"
          },
          {
            "2": "rdacarrier"
          }
        ]
      }
    },
    {
      "504": {
        "ind1": "\\",
        "ind2": "\\",
        "subfields": [
          {
            "a": "Includes bibliographical references and indexes."
          }
        ]
      }
    },
    {
      "505": {
        "ind1": "0",
        "ind2": "\\",
        "subfields": [
          {
            "a": "volume 1. Physics in 1900 / Brian Pippard -- Introducing atoms and their nuclei / Abraham Pais -- Quanta and Quantum mechanics / Helmut Rechenberg -- History of relativity / John Stachel -- Nuclear forces, mesons, and isospin symmetry / Laurie M. Brown -- Solid-state structure analysis / William Cochran -- Thermodynamics and statistical mechanics (in equilibrium) / Cyril Domb -- Non-equilibrium statistical mechanics or the vagaries of time evolution / Max Dresden."
          }
        ]
      }
    },
    {
      "505": {
        "ind1": "0",
        "ind2": "\\",
        "subfields": [
          {
            "a": "volume 2. Elementary particles physics in the second half of the twentieth century / Val L. Fitch and Jonathan L. Rosner -- Fluid mechanics / James Lighthill -- Superfluids and superconductors / A.J. Leggett -- Vibrations and spin waves in crystals / R.A. Cowley and Brian Pippard -- Atomic and molecular physics / Ugo Fano -- Magnetism / K.W.H. Stevens -- Nuclear dynamics / David M. Brink -- Units, standards and constants / Arlie Bailey."
          }
        ]
      }
    },
    {
      "505": {
        "ind1": "0",
        "ind2": "\\",
        "subfields": [
          {
            "a": "volume 3. Electrons in solids / Brian Pippard -- History of optical and optoelectronic physics in the twentieth century / R.G.W. Brown and E.R. Pike -- Physics of materials / Robert W. Cahn -- Electron-beam instruments / T. Mulvey -- Soft matter: birth and growth of concepts / P.G. de Gennes -- Plasma physics in the twentieth century / Richard F. Post -- Astrophysics and cosmology / Malcolm S. Longair -- Computer-generated physics / Mitchell J. Feigenbaum -- Medical physics / John R. Mallard -- Geophysics / S.G. Brush and C.S. Gillmor -- Reflections on twentieth century physics: three essays. Historical overview of the twentieth century in physics / Philip Anderson ; Nature itself / Steven Weinberg ; Some reflections on physics as a social institution / John Ziman."
          }
        ]
      }
    },
    {
      "650": {
        "ind1": "\\",
        "ind2": "0",
        "subfields": [
          {
            "a": "Physics"
          },
          {
            "x": "History"
          },
          {
            "y": "20th century."
          }
        ]
      }
    },
    {
      "650": {
        "ind1": "\\",
        "ind2": "7",
        "subfields": [
          {
            "a": "Physics."
          },
          {
            "2": "fast"
          },
          {
            "0": "(OCoLC)fst01063025"
          }
        ]
      }
    },
    {
      "655": {
        "ind1": "\\",
        "ind2": "7",
        "subfields": [
          {
            "a": "History."
          },
          {
            "2": "fast"
          },
          {
            "0": "(OCoLC)fst01411628"
          }
        ]
      }
    },
    {
      "700": {
        "ind1": "1",
        "ind2": "\\",
        "subfields": [
          {
            "a": "Brown, Laurie M."
          }
        ]
      }
    },
    {
      "700": {
        "ind1": "1",
        "ind2": "\\",
        "subfields": [
          {
            "a": "Pais, Abraham,"
          },
          {
            "d": "1918-2000."
          }
        ]
      }
    },
    {
      "700": {
        "ind1": "1",
        "ind2": "\\",
        "subfields": [
          {
            "a": "Pippard, A. B."
          }
        ]
      }
    },
    {
      "776": {
        "ind1": "0",
        "ind2": "8",
        "subfields": [
          {
            "i": "Online version:"
          },
          {
            "t": "Twentieth century physics."
          },
          {
            "d": "Bristol ; Philadelphia : Institute of Physics Pub. ; New York : American Institute of Physics Press, \u00a91995"
          },
          {
            "w": "(OCoLC)624596214"
          }
        ]
      }
    },
    {
      "856": {
        "ind1": "4",
        "ind2": "2",
        "subfields": [
          {
            "3": "Publisher description"
          },
          {
            "u": "http://catdir.loc.gov/catdir/enhancements/fy0668/95041186-d.html"
          }
        ]
      }
    },
    {
      "994": {
        "ind1": "\\",
        "ind2": "\\",
        "subfields": [
          {
            "a": "Z0"
          },
          {
            "b": "NYRVC"
          }
        ]
      }
    },
    {
      "948": {
        "ind1": "\\",
        "ind2": "\\",
        "subfields": [
          {
            "h": "NO HOLDINGS IN NYRVC - 567 OTHER HOLDINGS"
          }
        ]
      }
    },
    {
      "999": {
        "ind1": "\\",
        "ind2": "\\",
        "subfields": [
          {
            "a": "00000000012975"
          },
          {
            "v": "Volume 1"
          }
        ]
      }
    },
    {
      "999": {
        "ind1": "\\",
        "ind2": "\\",
        "subfields": [
          {
            "a": "00000000012948"
          },
          {
            "v": "Volume 2"
          }
        ]
      }
    },
    {
      "999": {
        "ind1": "\\",
        "ind2": "\\",
        "subfields": [
          {
            "a": "00000000012944"
          },
          {
            "v": "Volume 3"
          }
        ]
      }
    }
  ]
}